@article{Mnih13,
	author    = {Volodymyr Mnih and
	Koray Kavukcuoglu and
	David Silver and
	Alex Graves and
	Ioannis Antonoglou and
	Daan Wierstra and
	Martin A. Riedmiller},
	title     = {Playing Atari with Deep Reinforcement Learning},
	journal   = {CoRR},
	volume    = {abs/1312.5602},
	year      = {2013},
	url       = {http://arxiv.org/abs/1312.5602},
	timestamp = {Wed, 01 Apr 2015 20:06:15 +0200},
	biburl    = {http://dblp.uni-trier.de/rec/bib/journals/corr/MnihKSGAWR13},
	bibsource = {dblp computer science bibliography, http://dblp.org}
}

@article{yudeep,
	title={Deep Reinforcement Learning for Simulated Autonomous Vehicle Control},
	author={Yu, April and Palefsky-Smith, Raphael and Bedi, Rishi}
}

@inproceedings{chen2015deepdriving,
	title={Deepdriving: Learning affordance for direct perception in autonomous driving},
	author={Chen, Chenyi and Seff, Ari and Kornhauser, Alain and Xiao, Jianxiong},
	booktitle={Proceedings of the IEEE International Conference on Computer Vision},
	pages={2722--2730},
	year={2015}
}

@article{jia2014caffe,
	Author = {Jia, Yangqing and Shelhamer, Evan and Donahue, Jeff and Karayev, Sergey and Long, Jonathan and Girshick, Ross and Guadarrama, Sergio and Darrell, Trevor},
	Journal = {arXiv preprint arXiv:1408.5093},
	Title = {Caffe: Convolutional Architecture for Fast Feature Embedding},
	Year = {2014}
}